@book{Golub1996,
abstract = {This new edition includes thoroughly revised chapters on matrix multiplication problems and parallel matrix computations, expanded treatment of CS decomposition ...},
author = {Golub, Gene H and {Van Loan}, Charles V.},
booktitle = {booksgooglecom},
isbn = {0801854148},
issn = {08018541},
pages = {694},
title = {{Matrix Computations}},
url = {http://books.google.com/books?id=mlOa7wPX6OYC\&printsec=frontcover},
volume = {3rd},
year = {1996}
}
